@article {MR1847590,
    AUTHOR = {Hertweck, Martin},
     TITLE = {A counterexample to the isomorphism problem for integral group
              rings},
   JOURNAL = {Ann. of Math. (2)},
  FJOURNAL = {Annals of Mathematics. Second Series},
    VOLUME = {154},
      YEAR = {2001},
    NUMBER = {1},
     PAGES = {115--138},
      ISSN = {0003-486X},
   MRCLASS = {20C05 (16S34 16U60 20C10)},
  MRNUMBER = {1847590},
MRREVIEWER = {Donald S. Passman},
       DOI = {10.2307/3062112},
       URL = {https://doi.org/10.2307/3062112},
}

@manual{GAP4,
    key          = "GAP",
    organization = "The GAP~Group",
    title        = "{GAP -- Groups, Algorithms, and Programming,
                    Version 4.11.1}",
    year         = 2021,
    url          = "\url{https://www.gap-system.org}",
    }

@article {MR4334981,
    AUTHOR = {Gardam, Giles},
     TITLE = {A counterexample to the unit conjecture for group rings},
   JOURNAL = {Ann. of Math. (2)},
  FJOURNAL = {Annals of Mathematics. Second Series},
    VOLUME = {194},
      YEAR = {2021},
    NUMBER = {3},
     PAGES = {967--979},
      ISSN = {0003-486X},
   MRCLASS = {20C07},
  MRNUMBER = {4334981},
       DOI = {10.4007/annals.2021.194.3.9},
       URL = {https://doi.org/10.4007/annals.2021.194.3.9},
}